2032 3441
631 191 1051 246 -39,..

570 345 634 409 E
676 369 709 410 1·
753 368 786 406 o
831 344 875 406 d·
919 350 938 407 i
986 367 1021 406 u
1070 366 1115 411 5.

91 490 144 536 1.
172 460 242 533 E.
273 463 467 547 Supra
497 463 672 544 niger
697 450 927 543 bpaeus
960 458 1171 541 elytris
1200 463 1491 530 connexis
1531 464 1610 531 in·
1644 476 1891 536 caffiaeoien.

172 562 341 626 flexis
371 558 623 640 asperis,
655 553 856 616 subtus
883 565 1018 616 ater
1045 552 1292 620 nitidus,

285 673 380 738 Ex
404 671 569 736 India
599 665 898 730 orientali.

172 787 418 854 Statura
461 795 523 846 et
559 781 909 863 magnitudo
949 779 1194 843 omnino
1232 751 1493 846 Pimeliae
1526 809 1622 849 va·

176 878 401 968 riolosae
425 889 489 940 at
528 878 704 941 huius
745 875 1007 955 generis.
1072 869 1270 956 Caput
1308 887 1373 939 et
1406 877 1625 946 thmax

177 975 377 1040 laeuia
393 969 742 1035 subtilisfirne
760 978 1073 1050 punctata.
1119 967 1331 1050 Elytra
1349 979 1625 1036 connexa

173 1067 397 1134 inflexa
451 1065 694 1148 punctis
741 1061 1018 1125 eleuatis,
1113 1061 1310 1127 Pedes
1348 1066 1627 1146 graciles.

179 1161 403 1226 Subtus
430 1172 560 1222 ater
581 1156 823 1221 nitidus,

287 1272 628 1334 Muricatum
669 1269 730 1331 F
729 1267 874 1334 ab}
915 1266 1123 1351 Suppl.
1179 1287 1318 1352 pag.
1350 1288 1454 1350 42.
1509 1270 1629 1335 esse

180 1376 458 1451 putarem
489 1364 592 1428 nist
616 1363 894 1427 staturam
916 1362 1080 1446 gibbi
1106 1362 1163 1426 ei
1187 1364 1630 1450 tribuiflet‚quo

176 1461 371 1555 noster
396 1459 585 1531 multo
610 1458 866 1541 planior.

565 1608 1152 1674 Tenebrio.

98 1767 155 1814 1.
182 1745 249 1811 T.
278 1731 706 1810 Aterthoracis
734 1747 1105 1828 marginibus
1134 1742 1478 1811 rotundatis
1508 1738 1636 1826 ely·
1657 1761 1885 1824 imprffas.

182 1840 292 1903 tris
340 1840 898 1923 punctatoiulcatiS.

294 1952 347 2016 E
380 1953 662 2018 Sumatta
691 1975 726 2018 a
750 1951 1061 2018 Daldorfio
1093 1950 1313 2018 missus,

193 2068 436 2152 Statura
467 2070 712 2134 omnino
744 2068 978 2163 Helopis
1002 2069 1268 2152 nigritae,
1319 2064 1417 2130 cui
1442 2062 1638 2149 proxi-

184 2160 288 2227 me
311 2161 523 2251 affinis.

301 2278 481 2344 Forte
518 2276 730 2361 Helops
777 2277 1102 2347 luminatus,
1150 2275 1355 2344 morio,
1407 2275 1641 2358 nigrim,

179 2381 486 2456 punctatus
511 2382 573 2435 et
600 2375 926 2455 aeruginem
956 2381 1076 2436 etc.
1107 2388 1245 2433 cum
1269 2366 1387 2435 hoc
1414 2369 1491 2432 ad
1510 2387 1644 2433 no·

190 2483 333 2529 uum
356 2484 546 2546 genus
574 2464 682 2529 fint
698 2465 1008 2529 referendi.
1079 2460 1409 2527 Differrunt
1432 2474 1642 2527 anten-

196 2561 296 2625 nis
321 2561 494 2642 apice
524 2555 1038 2628 moniliformibUS.
1087 2557 1225 2622 Oris
1250 2567 1458 2640 partes
1479 2556 1642 2622 haud

191 2646 399 2718 inuesti
405 2672 548 2734 gare
562 2655 749 2737 potui.
803 2653 1034 2718 Saltem
1048 2673 1083 2716 a
1099 2652 1309 2734 Helope
1331 2650 1642 2733 seiungen-

137 2747 256 2810 di
282 2758 344 2810 et
383 2745 794 2810 Tenebrionibus
826 2742 1258 2812 adnumerandi
1298 2743 1443 2809 sunt.
1521 2743 1644 2806 De-

178 2837 374 2927 script.
408 2839 651 2930 impreffi.
697 2840 941 2905 Thorax
966 2839 1402 2907 canaliculatus
1433 2839 1646 2904 laenit-

195 2931 335 3000 fime
362 2926 711 3020 punctam&
738 2933 1029 3002 lateribus
1055 2934 1392 3002 rotundatis
1420 2930 1646 3015 angulo

256 3060 281 3067 -
895 3029 952 3095 D
1002 3050 1046 3099 2
1531 3044 1641 3110 po·
