2032 3441
900 236 1327 317 &rm-’-

439 387 583 476 gulo
612 378 955 477 transuerso
983 385 1275 471 impresso.
1322 387 1532 471 Elytra
1550 387 1889 470 marginata

436 494 754 571 punctata,
800 479 1187 562 bafi-gibbere
1214 491 1449 545 notata.
1524 482 1890 547 Al'ae.cine-

437 593 599 644 reae.
649 569 966 638 Abdomen
994 574 1225 656 nigrum
1255 575 1690 654 segmentorum
1733 593 1890 639 mar-

439 668 683 755 ginibus
710 660 1277 765 ohscure'testaceiS.

549 772 790 859 Miraris
839 790 1003 844 certe
1040 780 1336 846 beneuole
1375 779 1569 843 lector
1614 797 1710 843 me
1748 779 1887 843 huic

316 956 326 969 „
436 868 661 962 speciei
708 892 930 938 nomen
976 873 1265 954 tribuiffe,
1316 874 1475 957 quod
1512 873 1754 937 iamiam
1793 874 1886 936 bis

438 968 604 1055 apud
632 966 1049 1029 Fabricium
1091 969 1154 1030 in
1181 967 1297 1030 hoc
1338 986 1563 1049 genere
1605 968 1884 1048 occurrit,

364 1113 367 1117 ,
436 1058 556 1149 No.
588 1082 650 1128 2.
680 1071 744 1124 et
770 1056 882 1123 No.
916 1080 1021 1143 99.
1072 1057 1360 1124 Attamen
1388 1064 1470 1125 ita
1512 1060 1628 1123 hoc
1668 1081 1888 1145 oppro-

374 1181 377 1185 ·
436 1158 634 1222 brium
663 1156 840 1221 Vitari
864 1166 1063 1237 pecto.
1138 1153 1381 1237 Testacea
1411 1155 1618 1215 Fabr.
1648 1154 1761 1219 No,
1781 1158 1886 1236 9'9.

441 1251 517 1315 ad
554 1248 776 1312 Alticas
822 1250 894 1310 ab
953 1248 1071 1311 hoc
1114 1267 1334 1329 genere
1375 1250 1632 1312 diuersos
1669 1250 1883 1312 refert).

439 1336 730 1409 Testacea
757 1339 871 1404 No.
902 1362 961 1407 2.
990 1360 1134 1404 vero
1161 1342 1548 1424 descriptione
1577 1343 1702 1406 fere
1747 1342 1885 1404 huic

439 1439 597 1523 spec,
630 1435 933 1515 congruit,
975 1445 1184 1498 tamen
1209 1434 1304 1497 his
1343 1455 1417 1500 ex
1459 1434 1646 1498 causis
1682 1455 1882 1498 meam

443 1533 519 1596 ab
558 1530 676 1592 hac
722 1527 1011 1591 diuersam
1056 1527 1171 1593 effe
1217 1529 1412 1591 credo.
1520 1529 1780 1592 Primum
1822 1529 1904 1590 in.

443 1622 834 1707 descriptione
864 1619 1112 1706 tzstczcecze
1137 1620 1249 1686 No,
1276 1641 1334 1686 2.
1378 1621 1698 1704 elytrormn
1740 1640 1886 1705 pun·-

441 1727 745 1783 ctatorum
771 1716 1144 1779 mentionem
1173 1717 1333 1778 haud
1358 1717 1504 1780 facit
1528 1715 1608 1780 ill.
1640 1716 1880 1777 Fabri.

442 1815 624 1879 cius.
717 1807 1059 1873 Secundum
1095 1827 1240 1872 vero
1267 1811 1339 1871 ab
1380 1810 1501 1891 ipso
1534 1808 1887 1874 Fabricio

442 1905 688 1971 nomine
713 1903 1008 1966 testaceae
1036 1901 1369 1983 insignitam
1399 1903 1607 1985 accepi
1634 1903 1892 1985 speciem

445 2019 486 2063 a
529 1994 600 2058 G.
639 1993 972 2057 abdominali
1026 1994 1211 2078 plane
1267 2015 1390 2059 non
1439 1995 1741 2059 diuersam.
1835 1997 1890 2059 E

444 2091 664 2176 quibus
698 2089 922 2171 colligo
953 2089 1375 2152 Fabricium
1411 2089 1564 2152 forte
1588 2110 1662 2152 ex
1688 2090 1890 2156 moseo

443 2185 531 2251 ill.
560 2184 803 2245 Baizks
834 2182 1085 2246 nostram
1113 2182 1273 2246 haud
1297 2183 1436 2246 satis
1464 2193 1747 2246 accurate
1789 2184 1890 2247 de-

443 2276 722 2360 scripfisse
749 2277 1023 2361 speciem,
1063 2276 1266 2359 postea
1303 2295 1451 2341 vero
1494 2276 1893 2361 hanc‚·quam

447 2371 598 2437 mihi
624 2370 787 2455 dedit
825 2369 985 2434 haud
1030 2370 1397 2434 abdominali
1425 2371 1892 2454 discrepantem,

447 2466 778 2530 testaceam
802 2463 938 2543 effe,
976 2463 1221 2547 putasse.
1313 2464 1607 2548 Equidem
1652 2485 1892 2548 quoque

451 2558 513 2624 se
545 2559 606 2622 in
633 2558 831 2620 museo
870 2558 966 2620 sub
1006 2559 1252 2621 nomine
1288 2551 1585 2621 testaceae
1626 2559 1895 2622 abdomi-

454 2651 658 2718 nalem
681 2649 903 2713 habere
933 2651 1088 2713 bene
1114 2651 1248 2714 scio.
1308 2651 1536 2727 Quibus
1562 2652 1892 2715 rationibus

317 2751 347 2786 ¹²
459 2753 566 2809 aut
588 2744 913 2808 testaceam
937 2745 999 2806 F
1003 2765 1037 2806 a
1054 2744 1086 2805 b
1102 2768 1148 2807 r.
1179 2743 1296 2811 No,
1312 2765 1370 2812 2.
1411 2745 1894 2826 extinguendam,

458 2846 567 2900 aut
599 2839 940 2902 accuratius
973 2838 1410 2903 describendam
1436 2849 1498 2900 et
1537 2856 1672 2903 cum
1698 2839 1896 2905 nostra

459 2928 656 3016 specie
685 2932 1162 3017 coniungendam
1189 2932 1305 3000 effe
1331 2929 1527 3016 credo⁹

1737 3036 1800 3134 2'.
1828 3062 1897 3133 G.
