<?xml version="1.0" encoding="UTF-8"?>
<!DOCTYPE html PUBLIC "-//W3C//DTD XHTML 1.0 Transitional//EN"
    "http://www.w3.org/TR/xhtml1/DTD/xhtml1-transitional.dtd">
<html xmlns="http://www.w3.org/1999/xhtml" xml:lang="en" lang="en">
 <head>
  <title>
</title>
<meta http-equiv="Content-Type" content="text/html;charset=utf-8" />
  <meta name='ocr-system' content='tesseract 3.04.00' />
  <meta name='ocr-capabilities' content='ocr_page ocr_carea ocr_par ocr_line ocrx_word'/>
</head>
<body>
  <div class='ocr_page' id='page_1' title='image "./observationesent00webe/observationesent00webe_0129.png"; bbox 0 0 2032 3441; ppageno 0'>
   <div class='ocr_carea' id='block_1_1' title="bbox 36 309 1828 679">
    <p class='ocr_par' dir='ltr' id='par_1_1' title="bbox 36 309 1828 679">
     <span class='ocr_line' id='line_1_1' title="bbox 36 309 1828 393; baseline -0.003 -12"><span class='ocrx_word' id='word_1_1' title='bbox 36 332 95 381; x_wconf 81' lang='lat'>2.</span> <span class='ocrx_word' id='word_1_2' title='bbox 136 314 210 378; x_wconf 81' lang='lat' dir='ltr'>N.</span> <span class='ocrx_word' id='word_1_3' title='bbox 250 313 382 378; x_wconf 83' lang='lat' dir='ltr'>Alis</span> <span class='ocrx_word' id='word_1_4' title='bbox 426 314 939 392; x_wconf 83' lang='lat' dir='ltr'>incumbentibus,</span> <span class='ocrx_word' id='word_1_5' title='bbox 997 310 1217 374; x_wconf 81' lang='lat' dir='ltr'>anticis</span> <span class='ocrx_word' id='word_1_6' title='bbox 1259 309 1567 393; x_wconf 84' lang='lat' dir='ltr'>viridibuS,</span> <span class='ocrx_word' id='word_1_7' title='bbox 1604 324 1828 369; x_wconf 68' lang='lat' dir='ltr'>maculata.</span> 
     </span>
     <span class='ocr_line' id='line_1_2' title="bbox 126 405 1570 490; baseline -0.003 -16"><span class='ocrx_word' id='word_1_8' title='bbox 126 411 275 478; x_wconf 88' lang='lat' dir='ltr'>striis</span> <span class='ocrx_word' id='word_1_9' title='bbox 293 409 522 471; x_wconf 86' lang='lat' dir='ltr'>duabus</span> <span class='ocrx_word' id='word_1_10' title='bbox 548 407 999 486; x_wconf 79' lang='lat' dir='ltr'>obscurioribus,</span> <span class='ocrx_word' id='word_1_11' title='bbox 1020 405 1273 469; x_wconf 83' lang='lat' dir='ltr'>maculis</span> <span class='ocrx_word' id='word_1_12' title='bbox 1298 409 1570 490; x_wconf 84' lang='lat' dir='ltr'>punctis-</span> 
     </span>
     <span class='ocr_line' id='line_1_3' title="bbox 129 499 1572 586; baseline -0.001 -20"><span class='ocrx_word' id='word_1_13' title='bbox 129 522 247 586; x_wconf 89' lang='lat' dir='ltr'>que</span> <span class='ocrx_word' id='word_1_14' title='bbox 302 503 451 566; x_wconf 87' lang='lat' dir='ltr'>albis</span> <span class='ocrx_word' id='word_1_15' title='bbox 502 501 738 585; x_wconf 88' lang='lat' dir='ltr'>posticis</span> <span class='ocrx_word' id='word_1_16' title='bbox 779 499 959 563; x_wconf 83' lang='lat' dir='ltr'>luteis</span> <span class='ocrx_word' id='word_1_17' title='bbox 997 500 1179 563; x_wconf 82' lang='lat' dir='ltr'>limbo</span> <span class='ocrx_word' id='word_1_18' title='bbox 1230 500 1359 564; x_wconf 84' lang='lat' dir='ltr'>lato</span> <span class='ocrx_word' id='word_1_19' title='bbox 1397 502 1572 584; x_wconf 84' lang='lat' dir='ltr'>nigro</span> 
     </span>
     <span class='ocr_line' id='line_1_4' title="bbox 127 596 909 679; baseline -0.001 -20"><span class='ocrx_word' id='word_1_20' title='bbox 127 597 402 677; x_wconf 80' lang='lat' dir='ltr'>margine</span> <span class='ocrx_word' id='word_1_21' title='bbox 432 596 567 662; x_wconf 82' lang='lat' dir='ltr'>albo</span> <span class='ocrx_word' id='word_1_22' title='bbox 597 604 909 679; x_wconf 75' lang='lat' dir='ltr'>punctam.</span> 
     </span>
    </p>
   </div>
   <div class='ocr_carea' id='block_1_2' title="bbox 234 670 1392 779">
    <p class='ocr_par' dir='ltr' id='par_1_2' title="bbox 234 670 1392 779">
     <span class='ocr_line' id='line_1_5' title="bbox 234 670 1392 779; baseline 0.005 -8"><span class='ocrx_word' id='word_1_23' title='bbox 234 709 329 772; x_wconf 73' lang='lat' dir='ltr'>Ex</span> <span class='ocrx_word' id='word_1_24' title='bbox 356 709 526 772; x_wconf 69' lang='lat' dir='ltr'>India</span> <span class='ocrx_word' id='word_1_25' title='bbox 553 707 833 771; x_wconf 78' lang='lat' dir='ltr'>orientali</span> <span class='ocrx_word' id='word_1_26' title='bbox 855 706 1002 770; x_wconf 74' lang='lat' dir='ltr'>mifit</span> <span class='ocrx_word' id='word_1_27' title='bbox 1027 670 1392 779; x_wconf 75' lang='lat' dir='ltr'>nardorfius.</span> 
     </span>
    </p>
   </div>
   <div class='ocr_carea' id='block_1_3' title="bbox 130 820 1585 1738">
    <p class='ocr_par' dir='ltr' id='par_1_3' title="bbox 130 820 1585 1738">
     <span class='ocr_line' id='line_1_6' title="bbox 132 820 1572 900; baseline 0.003 -15"><span class='ocrx_word' id='word_1_28' title='bbox 132 820 287 886; x_wconf 77' lang='lat' dir='ltr'>Alae</span> <span class='ocrx_word' id='word_1_29' title='bbox 316 823 552 885; x_wconf 84' lang='lat' dir='ltr'>anticae</span> <span class='ocrx_word' id='word_1_30' title='bbox 580 820 823 883; x_wconf 85' lang='lat' dir='ltr'>obscure</span> <span class='ocrx_word' id='word_1_31' title='bbox 854 821 1111 900; x_wconf 76' lang='lat' dir='ltr'>virides,</span> <span class='ocrx_word' id='word_1_32' title='bbox 1155 822 1302 885; x_wconf 88' lang='lat' dir='ltr'>striis</span> <span class='ocrx_word' id='word_1_33' title='bbox 1335 824 1572 889; x_wconf 82' lang='lat' dir='ltr'>duabus</span> 
     </span>
     <span class='ocr_line' id='line_1_7' title="bbox 130 913 1576 1000; baseline 0.001 -21"><span class='ocrx_word' id='word_1_34' title='bbox 130 916 324 994; x_wconf 79' lang='lat' dir='ltr'>fuscis,</span> <span class='ocrx_word' id='word_1_35' title='bbox 348 916 540 998; x_wconf 83' lang='lat' dir='ltr'>prima</span> <span class='ocrx_word' id='word_1_36' title='bbox 566 914 767 978; x_wconf 81' lang='lat' dir='ltr'>versus</span> <span class='ocrx_word' id='word_1_37' title='bbox 793 913 972 992; x_wconf 76' lang='lat' dir='ltr'>basin,</span> <span class='ocrx_word' id='word_1_38' title='bbox 1001 915 1194 977; x_wconf 86' lang='lat' dir='ltr'>altera</span> <span class='ocrx_word' id='word_1_39' title='bbox 1221 916 1421 981; x_wconf 86' lang='lat' dir='ltr'>Versus</span> <span class='ocrx_word' id='word_1_40' title='bbox 1448 920 1576 1000; x_wconf 89' lang='lat' dir='ltr'>api-</span> 
     </span>
     <span class='ocr_line' id='line_1_8' title="bbox 134 1008 1577 1093; baseline 0.001 -21"><span class='ocrx_word' id='word_1_41' title='bbox 134 1028 286 1088; x_wconf 82' lang='lat' dir='ltr'>cem,</span> <span class='ocrx_word' id='word_1_42' title='bbox 311 1011 465 1072; x_wconf 81' lang='lat' dir='ltr'>inter</span> <span class='ocrx_word' id='word_1_43' title='bbox 492 1009 603 1071; x_wconf 84' lang='lat' dir='ltr'>has</span> <span class='ocrx_word' id='word_1_44' title='bbox 631 1008 907 1071; x_wconf 87' lang='lat' dir='ltr'>maculae</span> <span class='ocrx_word' id='word_1_45' title='bbox 935 1009 1088 1071; x_wconf 87' lang='lat' dir='ltr'>duae</span> <span class='ocrx_word' id='word_1_46' title='bbox 1129 1028 1385 1090; x_wconf 81' lang='lat' dir='ltr'>magnae</span> <span class='ocrx_word' id='word_1_47' title='bbox 1425 1030 1577 1093; x_wconf 86' lang='lat' dir='ltr'>pun-</span> 
     </span>
     <span class='ocr_line' id='line_1_9' title="bbox 133 1101 1578 1186; baseline 0.001 -20"><span class='ocrx_word' id='word_1_48' title='bbox 133 1112 353 1186; x_wconf 84' lang='lat' dir='ltr'>ctaque</span> <span class='ocrx_word' id='word_1_49' title='bbox 370 1103 536 1166; x_wconf 81' lang='lat' dir='ltr'>varia</span> <span class='ocrx_word' id='word_1_50' title='bbox 563 1103 717 1165; x_wconf 84' lang='lat' dir='ltr'>alba.</span> <span class='ocrx_word' id='word_1_51' title='bbox 762 1101 1027 1165; x_wconf 85' lang='lat' dir='ltr'>Posticae</span> <span class='ocrx_word' id='word_1_52' title='bbox 1052 1102 1454 1170; x_wconf 85' lang='lat' dir='ltr'>luteaelimbo</span> <span class='ocrx_word' id='word_1_53' title='bbox 1475 1123 1578 1167; x_wconf 82' lang='lat' dir='ltr'>ex-</span> 
     </span>
     <span class='ocr_line' id='line_1_10' title="bbox 131 1191 1577 1280; baseline 0 -21"><span class='ocrx_word' id='word_1_54' title='bbox 131 1198 354 1260; x_wconf 85' lang='lat' dir='ltr'>teriore</span> <span class='ocrx_word' id='word_1_55' title='bbox 384 1198 678 1280; x_wconf 64' lang='lat' dir='ltr'>‚apiceque</span> <span class='ocrx_word' id='word_1_56' title='bbox 708 1195 831 1258; x_wconf 82' lang='lat' dir='ltr'>late</span> <span class='ocrx_word' id='word_1_57' title='bbox 858 1191 1075 1276; x_wconf 65' lang='lat' dir='ltr'>nigria,</span> <span class='ocrx_word' id='word_1_58' title='bbox 1115 1197 1389 1277; x_wconf 81' lang='lat' dir='ltr'>margine</span> <span class='ocrx_word' id='word_1_59' title='bbox 1432 1198 1577 1261; x_wconf 85' lang='lat' dir='ltr'>albo</span> 
     </span>
     <span class='ocr_line' id='line_1_11' title="bbox 130 1289 1584 1374; baseline -0.001 -20"><span class='ocrx_word' id='word_1_60' title='bbox 130 1301 441 1374; x_wconf 83' lang='lat' dir='ltr'>punctato.</span> <span class='ocrx_word' id='word_1_61' title='bbox 491 1289 714 1353; x_wconf 80' lang='lat' dir='ltr'>Subtus</span> <span class='ocrx_word' id='word_1_62' title='bbox 747 1289 860 1352; x_wconf 87' lang='lat' dir='ltr'>alis</span> <span class='ocrx_word' id='word_1_63' title='bbox 889 1289 1103 1353; x_wconf 87' lang='lat' dir='ltr'>anticis</span> <span class='ocrx_word' id='word_1_64' title='bbox 1134 1290 1307 1359; x_wconf 84' lang='lat' dir='ltr'>fuscis</span> <span class='ocrx_word' id='word_1_65' title='bbox 1340 1289 1584 1353; x_wconf 87' lang='lat' dir='ltr'>macula.</span> 
     </span>
     <span class='ocr_line' id='line_1_12' title="bbox 130 1383 1585 1467; baseline -0.001 -20"><span class='ocrx_word' id='word_1_66' title='bbox 130 1403 355 1466; x_wconf 82' lang='lat' dir='ltr'>magua</span> <span class='ocrx_word' id='word_1_67' title='bbox 383 1384 577 1465; x_wconf 85' lang='lat' dir='ltr'>media</span> <span class='ocrx_word' id='word_1_68' title='bbox 608 1383 774 1462; x_wconf 81' lang='lat' dir='ltr'>alba,</span> <span class='ocrx_word' id='word_1_69' title='bbox 817 1394 879 1445; x_wconf 83' lang='lat' dir='ltr'>et</span> <span class='ocrx_word' id='word_1_70' title='bbox 907 1383 983 1445; x_wconf 89' lang='lat' dir='ltr'>ad</span> <span class='ocrx_word' id='word_1_71' title='bbox 1023 1385 1359 1467; x_wconf 79' lang='lat' dir='ltr'>marginem</span> <span class='ocrx_word' id='word_1_72' title='bbox 1398 1385 1585 1447; x_wconf 84' lang='lat' dir='ltr'>inter-</span> 
     </span>
     <span class='ocr_line' id='line_1_13' title="bbox 131 1476 1582 1561; baseline -0.002 -20"><span class='ocrx_word' id='word_1_73' title='bbox 131 1497 277 1542; x_wconf 81' lang='lat' dir='ltr'>num</span> <span class='ocrx_word' id='word_1_74' title='bbox 306 1479 543 1540; x_wconf 84' lang='lat' dir='ltr'>macula</span> <span class='ocrx_word' id='word_1_75' title='bbox 569 1477 753 1543; x_wconf 86' lang='lat' dir='ltr'>lutea.</span> <span class='ocrx_word' id='word_1_76' title='bbox 808 1476 1071 1539; x_wconf 84' lang='lat' dir='ltr'>Postic‘ae</span> <span class='ocrx_word' id='word_1_77' title='bbox 1111 1479 1372 1561; x_wconf 76' lang='lat' dir='ltr'>paginae</span> <span class='ocrx_word' id='word_1_78' title='bbox 1414 1478 1582 1559; x_wconf 85' lang='lat' dir='ltr'>supe-</span> 
     </span>
     <span class='ocr_line' id='line_1_14' title="bbox 131 1570 1581 1654; baseline 0.001 -20"><span class='ocrx_word' id='word_1_79' title='bbox 131 1573 276 1634; x_wconf 87' lang='lat' dir='ltr'>riori</span> <span class='ocrx_word' id='word_1_80' title='bbox 308 1571 684 1654; x_wconf 77' lang='lat' dir='ltr'>concolor-es,</span> <span class='ocrx_word' id='word_1_81' title='bbox 713 1571 949 1639; x_wconf 81' lang='lat' dir='ltr'>macula</span> <span class='ocrx_word' id='word_1_82' title='bbox 979 1570 1118 1639; x_wconf 81' lang='lat' dir='ltr'>alba</span> <span class='ocrx_word' id='word_1_83' title='bbox 1154 1573 1215 1640; x_wconf 85' lang='lat' dir='ltr'>in</span> <span class='ocrx_word' id='word_1_84' title='bbox 1254 1571 1439 1638; x_wconf 90' lang='lat' dir='ltr'>limbo</span> <span class='ocrx_word' id='word_1_85' title='bbox 1480 1589 1581 1635; x_wconf 79' lang='lat' dir='ltr'>ex-</span> 
     </span>
     <span class='ocr_line' id='line_1_15' title="bbox 132 1666 376 1738; baseline -0.016 -5"><span class='ocrx_word' id='word_1_86' title='bbox 132 1666 376 1738; x_wconf 78' lang='lat' dir='ltr'>teriore,</span> 
     </span>
    </p>
   </div>
   <div class='ocr_carea' id='block_1_4' title="bbox 497 1843 1126 2042">
    <p class='ocr_par' dir='ltr' id='par_1_4' title="bbox 497 1843 1126 2042">
     <span class='ocr_line' id='line_1_16' title="bbox 497 1843 1126 1912; baseline 0.002 -2"><span class='ocrx_word' id='word_1_87' title='bbox 497 1846 557 1910; x_wconf 82' lang='lat' dir='ltr'><em>P</em></span> <span class='ocrx_word' id='word_1_88' title='bbox 591 1843 627 1909; x_wconf 85' lang='lat' dir='ltr'>lz</span> <span class='ocrx_word' id='word_1_89' title='bbox 677 1868 712 1908; x_wconf 83' lang='lat' dir='ltr'><strong><em>a</em></strong></span> <span class='ocrx_word' id='word_1_90' title='bbox 759 1845 785 1907; x_wconf 86' lang='lat' dir='ltr'><em>l</em></span> <span class='ocrx_word' id='word_1_91' title='bbox 828 1866 864 1908; x_wconf 77' lang='lat' dir='ltr'><strong><em>a</em></strong></span> <span class='ocrx_word' id='word_1_92' title='bbox 914 1869 939 1906; x_wconf 89' lang='lat' dir='ltr'>e</span> <span class='ocrx_word' id='word_1_93' title='bbox 986 1868 1021 1906; x_wconf 81' lang='lat' dir='ltr'>n</span> <span class='ocrx_word' id='word_1_94' title='bbox 1074 1867 1126 1912; x_wconf 79' lang='lat' dir='ltr'>a.</span> 
     </span>
     <span class='ocr_line' id='line_1_17' title="bbox 546 1961 1079 2042; baseline -0.011 -14"><span class='ocrx_word' id='word_1_95' title='bbox 546 1964 820 2028; x_wconf 65' lang='lat' dir='ltr'>Antemnis</span> <span class='ocrx_word' id='word_1_96' title='bbox 839 1961 1079 2042; x_wconf 73' lang='lat' dir='ltr'>fhtaceis.</span> 
     </span>
    </p>
   </div>
   <div class='ocr_carea' id='block_1_5' title="bbox 56 2064 1836 2253">
    <p class='ocr_par' dir='ltr' id='par_1_5' title="bbox 56 2064 1836 2253">
     <span class='ocr_line' id='line_1_18' title="bbox 56 2064 1836 2155; baseline -0.001 -18"><span class='ocrx_word' id='word_1_97' title='bbox 56 2093 110 2136; x_wconf 87' lang='lat'>1.</span> <span class='ocrx_word' id='word_1_98' title='bbox 144 2071 208 2138; x_wconf 91' lang='lat' dir='ltr'>T.</span> <span class='ocrx_word' id='word_1_99' title='bbox 247 2070 383 2146; x_wconf 12' lang='lat' dir='ltr'>Alis*</span> <span class='ocrx_word' id='word_1_100' title='bbox 418 2076 589 2140; x_wconf 81' lang='lat' dir='ltr'>fuscis</span> <span class='ocrx_word' id='word_1_101' title='bbox 642 2074 1290 2155; x_wconf 71' lang='lat' dir='ltr'>violaceomicantibus</span> <span class='ocrx_word' id='word_1_102' title='bbox 1329 2073 1587 2141; x_wconf 86' lang='lat' dir='ltr'>maculis</span> <span class='ocrx_word' id='word_1_103' title='bbox 1630 2068 1757 2131; x_wconf 60' lang='grc' dir='ltr'>ΤΨἩ</span> <span class='ocrx_word' id='word_1_104' title='bbox 1782 2064 1836 2124; x_wconf 78' lang='grc'>”)</span> 
     </span>
     <span class='ocr_line' id='line_1_19' title="bbox 138 2169 1209 2253; baseline 0.002 -23"><span class='ocrx_word' id='word_1_105' title='bbox 138 2169 507 2253; x_wconf 83' lang='lat' dir='ltr'>punctisque</span> <span class='ocrx_word' id='word_1_106' title='bbox 537 2171 963 2253; x_wconf 79' lang='lat' dir='ltr'>albohyaliniS.</span> <span class='ocrx_word' id='word_1_107' title='bbox 1206 2189 1209 2193; x_wconf 84' lang='lat'>·</span> 
     </span>
    </p>
   </div>
   <div class='ocr_carea' id='block_1_6' title="bbox 219 2283 1165 2468">
    <p class='ocr_par' dir='ltr' id='par_1_6' title="bbox 219 2283 1165 2468">
     <span class='ocr_line' id='line_1_20' title="bbox 219 2283 1165 2355; baseline -0.002 -15"><span class='ocrx_word' id='word_1_108' title='bbox 219 2286 390 2340; x_wconf 82' lang='lat' dir='ltr'>Cram.</span> <span class='ocrx_word' id='word_1_109' title='bbox 420 2286 517 2341; x_wconf 84' lang='lat' dir='ltr'>Ins.</span> <span class='ocrx_word' id='word_1_110' title='bbox 560 2301 654 2345; x_wconf 78' lang='lat'>22.</span> <span class='ocrx_word' id='word_1_111' title='bbox 680 2288 777 2343; x_wconf 82' lang='lat' dir='ltr'>tab.</span> <span class='ocrx_word' id='word_1_112' title='bbox 810 2288 948 2355; x_wconf 80' lang='lat'>263.</span> <span class='ocrx_word' id='word_1_113' title='bbox 977 2285 1068 2355; x_wconf 81' lang='lat' dir='ltr'>fig.</span> <span class='ocrx_word' id='word_1_114' title='bbox 1104 2283 1165 2339; x_wconf 88' lang='lat' dir='ltr'>C.</span> 
     </span>
     <span class='ocr_line' id='line_1_21' title="bbox 256 2386 1104 2468; baseline 0.002 -17"><span class='ocrx_word' id='word_1_115' title='bbox 256 2387 309 2451; x_wconf 89' lang='lat' dir='ltr'>E</span> <span class='ocrx_word' id='word_1_116' title='bbox 338 2388 637 2468; x_wconf 81' lang='lat' dir='ltr'>Bengalia</span> <span class='ocrx_word' id='word_1_117' title='bbox 665 2386 814 2452; x_wconf 79' lang='lat' dir='ltr'>misit</span> <span class='ocrx_word' id='word_1_118' title='bbox 835 2387 1104 2454; x_wconf 87' lang='lat' dir='ltr'>Daldorf.</span> 
     </span>
    </p>
   </div>
   <div class='ocr_carea' id='block_1_7' title="bbox 148 2483 1595 2588">
    <p class='ocr_par' dir='ltr' id='par_1_7' title="bbox 148 2483 1595 2588">
     <span class='ocr_line' id='line_1_22' title="bbox 148 2483 1595 2588; baseline -0.007 -21"><span class='ocrx_word' id='word_1_119' title='bbox 148 2501 564 2583; x_wconf 82' lang='lat' dir='ltr'>Magnitudine</span> <span class='ocrx_word' id='word_1_120' title='bbox 595 2511 658 2564; x_wconf 78' lang='lat' dir='ltr'>et</span> <span class='ocrx_word' id='word_1_121' title='bbox 682 2501 901 2564; x_wconf 84' lang='lat' dir='ltr'>statura</span> <span class='ocrx_word' id='word_1_122' title='bbox 937 2501 1030 2563; x_wconf 83' lang='lat' dir='ltr'><em>Plz.</em></span> <span class='ocrx_word' id='word_1_123' title='bbox 1043 2483 1426 2588; x_wconf 65' lang='lat' dir='ltr'>sulplzumiae.</span> <span class='ocrx_word' id='word_1_124' title='bbox 1479 2490 1595 2559; x_wconf 75' lang='lat' dir='ltr'>Ca-</span> 
     </span>
    </p>
   </div>
   <div class='ocr_carea' id='block_1_8' title="bbox 148 2588 1593 2745">
    <p class='ocr_par' dir='ltr' id='par_1_8' title="bbox 148 2588 1593 2745">
     <span class='ocr_line' id='line_1_23' title="bbox 148 2588 1591 2745; baseline -0.006 -87"><span class='ocrx_word' id='word_1_125' title='bbox 148 2606 260 2679; x_wconf 79' lang='lat' dir='ltr'>put</span> <span class='ocrx_word' id='word_1_126' title='bbox 299 2596 537 2677; x_wconf 80' lang='lat' dir='ltr'>fuscum,</span> <span class='ocrx_word' id='word_1_127' title='bbox 579 2595 779 2674; x_wconf 84' lang='lat' dir='ltr'>subtus</span> <span class='ocrx_word' id='word_1_128' title='bbox 820 2594 1040 2664; x_wconf 84' lang='lat' dir='ltr'>album.</span> <span class='ocrx_word' id='word_1_129' title='bbox 1121 2592 1369 2674; x_wconf 51' lang='lat' dir='ltr'>Thorax,</span> <span class='ocrx_word' id='word_1_130' title='bbox 1395 2588 1591 2745; x_wconf 43' lang='lat' dir='ltr'>fustgus</span> 
     </span>
     <span class='ocr_line' id='line_1_24' title="bbox 1430 2701 1593 2745; baseline -0.012 0"><span class='ocrx_word' id='word_1_131' title='bbox 1430 2702 1464 2745; x_wconf 92' lang='lat' dir='ltr'>a</span> <span class='ocrx_word' id='word_1_132' title='bbox 1532 2701 1593 2743; x_wconf 86' lang='lat' dir='ltr'>o·</span> 
     </span>
    </p>
   </div>
   <div class='ocr_carea' id='block_1_9' title="bbox 120 2800 1594 3059">
    <p class='ocr_par' dir='ltr' id='par_1_9' title="bbox 120 2800 1594 3059">
     <span class='ocr_line' id='line_1_25' title="bbox 120 2800 1591 2863; baseline -0.007 -13"><span class='ocrx_word' id='word_1_133' title='bbox 120 2800 175 2858; x_wconf 72' lang='lat'>⁴⁵&gt;</span> <span class='ocrx_word' id='word_1_134' title='bbox 209 2804 382 2850; x_wconf 85' lang='lat' dir='ltr'>Nomen</span> <span class='ocrx_word' id='word_1_135' title='bbox 410 2808 513 2849; x_wconf 83' lang='lat' dir='ltr'>Cra</span> <span class='ocrx_word' id='word_1_136' title='bbox 528 2809 667 2850; x_wconf 77' lang='lat' dir='ltr'>meri</span> <span class='ocrx_word' id='word_1_137' title='bbox 691 2806 802 2849; x_wconf 85' lang='lat' dir='ltr'>haud</span> <span class='ocrx_word' id='word_1_138' title='bbox 826 2809 869 2850; x_wconf 88' lang='lat' dir='ltr'>in</span> <span class='ocrx_word' id='word_1_139' title='bbox 889 2807 1086 2863; x_wconf 70' lang='lat' dir='ltr'>Tzstatam</span> <span class='ocrx_word' id='word_1_140' title='bbox 1108 2804 1290 2853; x_wconf 83' lang='lat' dir='ltr'>mutaui,</span> <span class='ocrx_word' id='word_1_141' title='bbox 1306 2804 1366 2845; x_wconf 86' lang='lat' dir='ltr'>vti</span> <span class='ocrx_word' id='word_1_142' title='bbox 1394 2801 1591 2845; x_wconf 73' lang='lat' dir='ltr'>fabri-</span> 
     </span>
     <span class='ocr_line' id='line_1_26' title="bbox 194 2870 1590 2932; baseline -0.006 -13"><span class='ocrx_word' id='word_1_143' title='bbox 194 2878 314 2917; x_wconf 74' lang='lat' dir='ltr'>cius</span> <span class='ocrx_word' id='word_1_144' title='bbox 352 2875 478 2926; x_wconf 82' lang='lat' dir='ltr'>solet,</span> <span class='ocrx_word' id='word_1_145' title='bbox 531 2876 645 2932; x_wconf 88' lang='lat' dir='ltr'>quod</span> <span class='ocrx_word' id='word_1_146' title='bbox 689 2876 862 2931; x_wconf 86' lang='lat' dir='ltr'>quidem</span> <span class='ocrx_word' id='word_1_147' title='bbox 904 2888 1062 2916; x_wconf 81' lang='lat' dir='ltr'>nomen</span> <span class='ocrx_word' id='word_1_148' title='bbox 1102 2870 1423 2914; x_wconf 64' lang='lat' dir='ltr'>diuersissimam</span> <span class='ocrx_word' id='word_1_149' title='bbox 1466 2870 1590 2921; x_wconf 83' lang='lat' dir='ltr'>saepe</span> 
     </span>
     <span class='ocr_line' id='line_1_27' title="bbox 194 2938 1594 2999; baseline -0.009 -6"><span class='ocrx_word' id='word_1_150' title='bbox 194 2943 397 2998; x_wconf 72' lang='lat' dir='ltr'>praebet,</span> <span class='ocrx_word' id='word_1_151' title='bbox 435 2957 471 2991; x_wconf 79' lang='lat' dir='ltr'>e·</span> <span class='ocrx_word' id='word_1_152' title='bbox 501 2958 539 2999; x_wconf 87' lang='lat' dir='ltr'>g.</span> <span class='ocrx_word' id='word_1_153' title='bbox 571 2945 618 2995; x_wconf 78' lang='lat' dir='ltr'>P.</span> <span class='ocrx_word' id='word_1_154' title='bbox 647 2945 790 2989; x_wconf 80' lang='lat' dir='ltr'>Mileto</span> <span class='ocrx_word' id='word_1_155' title='bbox 818 2943 964 2992; x_wconf 80' lang='lat' dir='ltr'>Cram.</span> <span class='ocrx_word' id='word_1_156' title='bbox 988 2946 1033 2991; x_wconf 85' lang='lat' dir='ltr'>in</span> <span class='ocrx_word' id='word_1_157' title='bbox 1061 2942 1222 2987; x_wconf 76' lang='lat' dir='ltr'>Melum</span> <span class='ocrx_word' id='word_1_158' title='bbox 1248 2938 1336 2988; x_wconf 83' lang='lat' dir='ltr'>No.</span> <span class='ocrx_word' id='word_1_159' title='bbox 1359 2947 1462 2999; x_wconf 77' lang='lat'><strong>297.</strong></span> <span class='ocrx_word' id='word_1_160' title='bbox 1500 2948 1594 2981; x_wconf 69' lang='lat' dir='ltr'>mu·</span> 
     </span>
     <span class='ocr_line' id='line_1_28' title="bbox 197 3019 348 3059; baseline -0.02 -4"><span class='ocrx_word' id='word_1_161' title='bbox 197 3019 348 3059; x_wconf 73' lang='lat' dir='ltr'>tatum,</span> 
     </span>
    </p>
   </div>
  </div>
 </body>
</html>
